Floyd, Robert W. (June 1962). "Algorithm 97: Shortest Path". Communications of the ACM. 5 (6): 345. doi:10.1145/367766.368168.
@article{Floyd,
  title={Algorithm 97: Shortest Path},
  author={Floyd, Robert W.},
  journal={Communications of the ACM},
  volume={35},
  number={5},
  pages={345},
  year={1962},
  publisher={ACM}
}

@article{goldberg1988new,
  title={A new approach to the maximum-flow problem},
  author={Goldberg, Andrew V and Tarjan, Robert E},
  journal={Journal of the ACM (JACM)},
  volume={35},
  number={4},
  pages={921--940},
  year={1988},
  publisher={ACM}
}

@Misc{numpy,
  author =    {Eric Jones and Travis Oliphant and Pearu Peterson and others},
  title =     {{SciPy}: Open source scientific tools for {Python}},
  year =      {2001--},
  url = "http://www.scipy.org/",
  note = {[Online; accessed 2016-08-11]}
}

@article{drexl2013simultaneous,
  title={Simultaneous vehicle and crew routing and scheduling for partial-and full-load long-distance road transport},
  author={Drexl, Michael and Rieck, Julia and Sigl, Thomas and Press, Bettina},
  journal={BuR-Business Research},
  volume={6},
  number={2},
  pages={242--264},
  year={2013},
  publisher={Springer}
}

@techreport{inventory1990,
  title={Inventory of U.S. Greenhouse Gas Emissions and Sinks: 1990-2013},
  author={U.S. Environmental Protection Agency},
  year={2015}
}
@article{laporte2009fifty,
  title={Fifty years of vehicle routing},
  author={Laporte, Gilbert},
  journal={Transportation Science},
  volume={43},
  number={4},
  pages={408--416},
  year={2009},
  publisher={INFORMS}
}
@article{dantzig1959truck,
  title={The truck dispatching problem},
  author={Dantzig, George B and Ramser, John H},
  journal={Management science},
  volume={6},
  number={1},
  pages={80--91},
  year={1959},
  publisher={Informs}
}
@book{toth2014vehicle,
  title={Vehicle routing: problems, methods, and applications},
  author={Toth, Paolo and Vigo, Daniele},
  volume={18},
  year={2014},
  publisher={Siam}
}
@article{vidal2014unified,
  title={A unified solution framework for multi-attribute vehicle routing problems},
  author={Vidal, Thibaut and Crainic, Teodor Gabriel and Gendreau, Michel and Prins, Christian},
  journal={European Journal of Operational Research},
  volume={234},
  number={3},
  pages={658--673},
  year={2014},
  publisher={Elsevier}
}
@article{pisinger2007general,
  title={A general heuristic for vehicle routing problems},
  author={Pisinger, David and Ropke, Stefan},
  journal={Computers \& operations research},
  volume={34},
  number={8},
  pages={2403--2435},
  year={2007},
  publisher={Elsevier}
}
@article{drexl2012rich,
  title={Rich vehicle routing in theory and practice},
  author={Drexl, Michael},
  journal={Logistics Research},
  volume={5},
  number={1-2},
  pages={47--63},
  year={2012},
  publisher={Springer}
}
@article{drexl2013applications,
  title={Applications of the vehicle routing problem with trailers and transshipments},
  author={Drexl, Michael},
  journal={European Journal of Operational Research},
  volume={227},
  number={2},
  pages={275--283},
  year={2013},
  publisher={Elsevier}
}
@article{drexl2014bandc,
  title={Branch-and-cut algorithms for the vehicle routing problem with trailers and transshipments},
  author={Drexl, Michael},
  journal={Networks},
  volume={63},
  number={1},
  pages={119--133},
  year={2014},
  publisher={Wiley Online Library}
}
@article{cordeau2002guide,
  title={A guide to vehicle routing heuristics},
  author={Cordeau, Jean-Francois and Gendreau, Michel and Laporte, Gilbert and Potvin, Jean-Yves and Semet, Fran{\c{c}}ois},
  journal={Journal of the Operational Research society},
  pages={512--522},
  year={2002},
  publisher={JSTOR}
}
@article{masson2014dial,
  title={The dial-a-ride problem with transfers},
  author={Masson, Renaud and Lehu{\'e}d{\'e}, Fabien and P{\'e}ton, Olivier},
  journal={Computers \& Operations Research},
  volume={41},
  pages={12--23},
  year={2014},
  publisher={Elsevier}
}
@techreport{drexl2014generic,
  title={A Generic Heuristic for Vehicle Routing Problems with Multiple Synchronization Constraints},
  author={Drexl, Michael and others},
  year={2014}
}
@article{vanpython,
  title={Python programming language},
  author={Rossum, G van and others},
  journal={URL http://www. python. org},
  year={1989}
}
@book{oliphant2006guide,
  title={A guide to NumPy},
  author={Oliphant, Travis E},
  volume={1},
  year={2006},
  publisher={Trelgol Publishing USA}
}
@article{analytics2014numba,
  title={Numba},
  author={Analytics, Continuum},
  journal={Version 0.14. url: http://numba. pydata. org/numba-doc/0.14/index. html},
  year={2014}
}
@article{masson2013adaptive,
  title={An adaptive large neighborhood search for the pickup and delivery problem with transfers},
  author={Masson, Renaud and Lehu{\'e}d{\'e}, Fabien and P{\'e}ton, Olivier},
  journal={Transportation Science},
  volume={47},
  number={3},
  pages={344--355},
  year={2013},
  publisher={INFORMS}
}
@incollection{huber2014swap,
  title={Swap body vehicle routing problem: A heuristic solution approach},
  author={Huber, Sandra and Geiger, Martin Josef},
  booktitle={Computational Logistics},
  pages={16--30},
  year={2014},
  publisher={Springer}
}
@techreport{drexl2007some,
  title={On some generalized routing problems},
  author={Drexl, Michael and Sebastian, Hans-J{\"u}rgen},
  year={2007},
  institution={Deutsche Post Lehrstuhl f{\"u}r Optimierung von Distributionsnetzwerken (NN)}
}
@incollection{shaw1998using,
  title={Using constraint programming and local search methods to solve vehicle routing problems},
  author={Shaw, Paul},
  booktitle={Principles and Practice of Constraint Programmingâ€”CP98},
  pages={417--431},
  year={1998},
  publisher={Springer}
}
@article{masson2013efficient,
  title={Efficient feasibility testing for request insertion in the Pickup and Delivery Problem with Transfers},
  author={Masson, Renaud and Lehu{\'e}d{\'e}, Fabien and P{\'e}ton, Olivier},
  journal={Operations Research Letters},
  volume={41},
  number={3},
  pages={211--215},
  year={2013},
  publisher={Elsevier}
}
@article{drexl2011branch,
  title={Branch-and-price and heuristic column generation for the generalized truck-and-trailer routing problem},
  author={Drexl, Michael},
  journal={Revista de M{\'e}todos Cuantitativos para la Econom{\'\i}a y la Empresa},
  volume={12},
  pages={5--38},
  year={2011},
  publisher={Sevilla: Universidad Pablo de Olavide}
}
